%% LaTeX2e file `ieee.bib'
%% generated by the `filecontents' environment
%% from source `oro-cs-seminar' on 2019/01/20.
%%
@IEEEtranBSTCTL{BSTcontrol,
  CTLuse_url = "no",
  CTLuse_forced_etal = "yes",
  CTLmax_names_forced_etal = "3",
  CTLnames_show_etal = "1"
}
